@book{jaynes2003,
  title = {Probability Theory: The Logic of Science},
  shorttitle = {Probability Theory},
  author = {Jaynes, E. T. and Bretthorst, G. Larry},
  date = {2003},
  publisher = {Cambridge University Press},
  location = {Cambridge, UK ; New York, NY},
  isbn = {978-0-521-59271-0},
  pagetotal = {727},
  keywords = {Probabilities}
}


@book{bourier2011,
  title = {Wahrscheinlichkeitsrechnung und schließende Statistik: praxisorientierte Einführung mit Aufgaben und Lösungen},
  shorttitle = {Wahrscheinlichkeitsrechnung und schließende Statistik},
  author = {Bourier, Günther},
  date = {2011},
  series = {Lehrbuch},
  edition = {7., aktualisierte Aufl},
  publisher = {Gabler},
  location = {Wiesbaden},
  isbn = {978-3-8349-6555-4},
  langid = {german}
}


@book{bourier2022,
  title = {Statistik-Übungen: {{Beschreibende}} Statistik – Wahrscheinlichkeitsrechnung – Schließende Statistik},
  shorttitle = {Statistik-Übungen},
  author = {Bourier, Günther},
  date = {2022},
  edition = {7. Auflage},
  publisher = {Springer Gabler},
  location = {Wiesbaden},
  isbn = {978-3-658-37155-5 978-3-658-37154-8},
  pagetotal = {226}
}


@article{badenes-ribera2016,
  title = {Misconceptions of the P-Value among {{Chilean}} and {{Italian Academic Psychologists}}},
  author = {Badenes-Ribera, Laura and Frias-Navarro, Dolores and Iotti, Bryan and Bonilla-Campos, Amparo and Longobardi, Claudio},
  date = {2016},
  journaltitle = {Frontiers in Psychology},
  volume = {7},
  issn = {1664-1078},
  url = {https://www.frontiersin.org/article/10.3389/fpsyg.2016.01247},
  urldate = {2022-01-27},
  file = {/Users/sebastiansaueruser/Literatur/Badenes-Ribera et al_(2016)Misconceptions of the p-value among Chilean and Italian Academic Psychologists.pdf}
}



@book{briggs2016,
  title = {Uncertainty: {{The Soul}} of {{Modeling}}, {{Probability}} \& {{Statistics}}},
  author = {Briggs, William M.},
  date = {2016},
  publisher = {Springer}
}


@article{cohen1992,
  title = {A Power Primer},
  author = {Cohen, J},
  date = {1992},
  journaltitle = {Psychological Bulletin},
  volume = {112},
  number = {1},
  pages = {155--159}
}



@article{cummiskey2020,
  title = {Causal {{Inference}} in {{Introductory Statistics Courses}}},
  author = {Cummiskey, Kevin and Adams, Bryan and Pleuss, James and Turner, Dusty and Clark, Nicholas and Watts, Krista},
  date = {2020-01-02},
  journaltitle = {Journal of Statistics Education},
  volume = {28},
  number = {1},
  pages = {2--8},
  publisher = {Taylor \& Francis},
  issn = {null},
  doi = {10.1080/10691898.2020.1713936},
  keywords = {Causal DAG,Causal diagrams,Confounding,Multivariable thinking,Student activity},
  file = {/Users/sebastiansaueruser/Literatur/Cummiskey et al_(2020)Causal Inference in Introductory Statistics Courses.pdf}
}

@article{lubke2020a,
  title = {Why {{We Should Teach Causal Inference}}: {{Examples}} in {{Linear Regression}} with {{Simulated Data}}},
  shorttitle = {Why {{We Should Teach Causal Inference}}},
  author = {Lübke, Karsten and Gehrke, Matthias and Horst, Jörg and Szepannek, Gero},
  date = {2020-04-08},
  journaltitle = {Journal of Statistics Education},
  shortjournal = {Journal of Statistics Education},
  pages = {1--17},
  issn = {1069-1898},
  doi = {10.1080/10691898.2020.1752859},
  langid = {english}
}



@report{dablander2020,
  type = {preprint},
  title = {An {{Introduction}} to {{Causal Inference}}},
  author = {Dablander, Fabian},
  date = {2020-02-13},
  institution = {PsyArXiv},
  doi = {10.31234/osf.io/b3fkw}
}



@book{pearl2016,
  title = {Causal Inference in Statistics: A Primer},
  shorttitle = {Causal Inference in Statistics},
  author = {Pearl, Judea and Glymour, Madelyn and Jewell, Nicholas P.},
  date = {2016},
  publisher = {Wiley},
  location = {Chichester, West Sussex},
  isbn = {978-1-119-18684-7},
  pagetotal = {136}
}

@book{huntington-klein2022,
  title = {The Effect: An Introduction to Research Design and Causality},
  shorttitle = {The Effect},
  author = {Huntington-Klein, Nick},
  date = {2022},
  publisher = {CRC Press, Taylor \& Francis Group},
  location = {Boca Raton},
  url = {https://theeffectbook.net/},
  isbn = {978-1-03-212578-7 978-1-03-212745-3},
  pagetotal = {619},
  keywords = {Causality (Physics),Design,Research}
}



@report{forum2020,
  title = {The {{Future}} of {{Jobs Report}} 2020},
  author = {World Economic Forum},
  date = {2020},
  institution = {World Economic Forum},
  location = {CH-1223 Cologny/Geneva Switzerland},
  url = {https://www3.weforum.org/docs/WEF_Future_of_Jobs_2020.pdf}
}



@book{gelman2021,
  ids = {gelman2021},
  title = {Regression and Other Stories},
  shorttitle = {Ros},
  author = {Gelman, Andrew and Hill, Jennifer and Vehtari, Aki},
  date = {2021},
  series = {Analytical Methods for Social Research},
  publisher = {Cambridge University Press},
  location = {Cambridge},
  isbn = {978-1-107-67651-0 978-1-107-02398-7},
  langid = {english},
  pagetotal = {534},
  file = {/Users/sebastiansaueruser/Literatur/Gelman et al_(2021)Regression and other stories.pdf}
}


@article{gelman2019,
  title = {R-Squared for {{Bayesian Regression Models}}},
  author = {Gelman, Andrew and Goodrich, Ben and Gabry, Jonah and Vehtari, Aki},
  date = {2019-07-03},
  journaltitle = {The American Statistician},
  shortjournal = {The American Statistician},
  volume = {73},
  number = {3},
  pages = {307--309},
  issn = {0003-1305, 1537-2731},
  doi = {10.1080/00031305.2018.1549100},
  langid = {english},
  file = {/Users/sebastiansaueruser/Literatur/Gelman et al_(2019)R-squared for Bayesian Regression Models.pdf}
}



@misc{goodrich2020,
  title = {Rstanarm: {{Bayesian}} Applied Regression Modeling via {{Stan}}.},
  author = {Goodrich, Ben and Gabry, Jonah and Ali, Imad and Brilleman, Sam},
  date = {2020},
  url = {https://mc-stan.org/rstanarm}
}



@book{mcelreath2020,
  title = {Statistical Rethinking: A {{Bayesian}} Course with Examples in {{R}} and {{Stan}}},
  shorttitle = {Statistical Rethinking},
  author = {McElreath, Richard},
  date = {2020},
  series = {{{CRC}} Texts in Statistical Science},
  edition = {2},
  publisher = {{Taylor and Francis, CRC Press}},
  location = {Boca Raton},
  isbn = {978-0-367-13991-9}
}



@book{henze2019,
  title = {Stochastik: Eine Einführung mit Grundzügen der Maßtheorie: Inkl. zahlreicher Erklärvideos},
  shorttitle = {Stochastik},
  author = {Henze, Norbert},
  date = {2019},
  publisher = {Springer Berlin Heidelberg},
  location = {Berlin, Heidelberg},
  doi = {10.1007/978-3-662-59563-3},
  isbn = {978-3-662-59562-6 978-3-662-59563-3},
  langid = {ngerman},
  file = {/Users/sebastiansaueruser/Literatur/Henze_(2019)Stochastik - Eine Einführung mit Grundzügen der Maßtheorie - Inkl. zahlreicher Erklärvideos.pdf}
}


@article{hoekstra2014,
  ids = {hoekstra_robust_2014,hoekstra_robust_2014-2},
  title = {Robust Misinterpretation of Confidence Intervals},
  author = {Hoekstra, Rink and Morey, Richard D and Rouder, Jeffrey N and Wagenmakers, Eric-Jan},
  date = {2014},
  journaltitle = {Psychonomic bulletin \& review},
  volume = {21},
  number = {5},
  pages = {1157--1164},
  url = {http://www.ejwagenmakers.com/inpress/HoekstraEtAlPBR.pdf},
  keywords = {Confidence intervals,Inference,Significance testing},
  file = {/Users/sebastiansaueruser/Literatur/Hoekstra et al_(2014)Robust misinterpretation of confidence intervals.pdf}
}

@article{vankampen2014,
  title = {The {{SSQ}} Model of Schizophrenic Prodromal Unfolding Revised: {{An}} Analysis of Its Causal Chains Based on the Language of Directed Graphs},
  shorttitle = {The {{SSQ}} Model of Schizophrenic Prodromal Unfolding Revised},
  author = {family=Kampen, given=D., prefix=van, useprefix=true},
  date = {2014-09},
  journaltitle = {European Psychiatry},
  shortjournal = {Eur. psychiatr.},
  volume = {29},
  number = {7},
  pages = {437--448},
  issn = {0924-9338, 1778-3585},
  doi = {10.1016/j.eurpsy.2013.11.001},
  langid = {english}
}


@article{kruschke2018,
  title = {Rejecting or {{Accepting Parameter Values}} in {{Bayesian Estimation}}},
  author = {Kruschke, John K.},
  date = {2018-06-01},
  journaltitle = {Advances in Methods and Practices in Psychological Science},
  shortjournal = {Advances in Methods and Practices in Psychological Science},
  volume = {1},
  number = {2},
  pages = {270--280},
  publisher = {SAGE Publications Inc},
  issn = {2515-2459},
  doi = {10.1177/2515245918771304},
  langid = {english},
  keywords = {Bayes factor,Bayesian,credible interval,equivalence testing,hypothesis testing,meta-analysis,open materials},
  file = {/Users/sebastiansaueruser/Literatur/Kruschke_(2018)Rejecting or Accepting Parameter Values in Bayesian Estimation.pdf}
}


@book{kurz2021,
  title = {Statistical {{Rethinking}} with {{Brms}}, {{Ggplot2}}, and the {{Tidyverse}}: {{Second Edition}}},
  author = {Kurz, Solomon},
  date = {2021},
  url = {https://bookdown.org/content/4857/}
}



@article{makowski2019,
  ids = {makowski_indices_2019-2},
  title = {Indices of {{Effect Existence}} and {{Significance}} in the {{Bayesian Framework}}},
  author = {Makowski, Dominique and Ben-Shachar, Mattan S. and Chen, S. H. Annabel and Lüdecke, Daniel},
  date = {2019},
  journaltitle = {Frontiers in Psychology},
  volume = {10},
  eprint = {31920819},
  eprinttype = {pmid},
  issn = {1664-1078},
  url = {https://www.frontiersin.org/article/10.3389/fpsyg.2019.02767},
  urldate = {2022-05-28},
  pmcid = {PMC6914840},
  keywords = {Bayes factors,Bayesian,NHST,p-value,significance},
  file = {/Users/sebastiansaueruser/Literatur/Makowski et al_(2019)Indices of Effect Existence and Significance in the Bayesian Framework.pdf;/Users/sebastiansaueruser/Literatur/Makowski et al_(2019)Indices of Effect Existence and Significance in the Bayesian Framework2.pdf}
}


@article{messerli2012,
  ids = {messerli_chocolate_2012-2},
  title = {Chocolate {{Consumption}}, {{Cognitive Function}}, and {{Nobel Laureates}}},
  author = {Messerli, Franz H.},
  date = {2012-10-18},
  journaltitle = {New England Journal of Medicine},
  shortjournal = {N Engl J Med},
  volume = {367},
  number = {16},
  eprint = {23050509},
  eprinttype = {pmid},
  pages = {1562--1564},
  publisher = {Massachusetts Medical Society},
  issn = {0028-4793, 1533-4406},
  doi = {10.1056/NEJMon1211064},
  langid = {english}
}


@article{morey2011,
  title = {Bayes Factor Approaches for Testing Interval Null Hypotheses},
  author = {Morey, Richard D. and Rouder, Jeffrey N.},
  date = {2011},
  journaltitle = {Psychological Methods},
  volume = {16},
  number = {4},
  pages = {406--419},
  publisher = {American Psychological Association},
  location = {US},
  issn = {1939-1463},
  doi = {10.1037/a0024377},
  keywords = {Bayesian Analysis,Null Hypothesis Testing,Psychological Theories,Statistical Analysis,Statistical Probability},
  file = {/Users/sebastiansaueruser/Zotero/storage/NL2CYFK6/2011-15467-001.html}
}


@article{morey2011,
  title = {Bayes Factor Approaches for Testing Interval Null Hypotheses},
  author = {Morey, Richard D. and Rouder, Jeffrey N.},
  date = {2011},
  journaltitle = {Psychological Methods},
  volume = {16},
  number = {4},
  pages = {406--419},
  publisher = {American Psychological Association},
  location = {US},
  issn = {1939-1463},
  doi = {10.1037/a0024377},
  keywords = {Bayesian Analysis,Null Hypothesis Testing,Psychological Theories,Statistical Analysis,Statistical Probability},
  file = {/Users/sebastiansaueruser/Zotero/storage/NL2CYFK6/2011-15467-001.html}
}



@book{poldrack2022,
  title = {Statistical {{Thinking}} for the 21st {{Century}}},
  author = {Poldrack, Russell},
  date = {2022-07-01},
  url = {https://statsthinking21.github.io/statsthinking21-core-site/index.html},
  urldate = {2021-07-28},
  file = {/Users/sebastiansaueruser/Zotero/storage/N4QDLXHT/index.html}
}

@article{rohrer2018,
  title = {Thinking {{Clearly About Correlations}} and {{Causation}}: {{Graphical Causal Models}} for {{Observational Data}}},
  shorttitle = {Thinking {{Clearly About Correlations}} and {{Causation}}},
  author = {Rohrer, Julia M.},
  date = {2018-03-01},
  journaltitle = {Advances in Methods and Practices in Psychological Science},
  shortjournal = {Advances in Methods and Practices in Psychological Science},
  volume = {1},
  number = {1},
  pages = {27--42},
  issn = {2515-2459},
  doi = {10.1177/2515245917745629},
  langid = {english}
}


@article{rohrer2018,
  title = {Thinking {{Clearly About Correlations}} and {{Causation}}: {{Graphical Causal Models}} for {{Observational Data}}},
  shorttitle = {Thinking {{Clearly About Correlations}} and {{Causation}}},
  author = {Rohrer, Julia M.},
  date = {2018-03-01},
  journaltitle = {Advances in Methods and Practices in Psychological Science},
  shortjournal = {Advances in Methods and Practices in Psychological Science},
  volume = {1},
  number = {1},
  pages = {27--42},
  issn = {2515-2459},
  doi = {10.1177/2515245917745629},
  langid = {english}
}



@article{wasserstein2016,
  ids = {wasserstein_asa_2016-1},
  title = {The {{ASA}}'s {{Statement}} on p-{{Values}}: {{Context}}, {{Process}}, and {{Purpose}}},
  author = {Wasserstein, Ronald L. and Lazar, Nicole A.},
  date = {2016},
  journaltitle = {The American Statistician},
  volume = {70},
  number = {2},
  pages = {129--133},
  publisher = {Taylor \& Francis},
  doi = {10.1080/00031305.2016.1154108},
  file = {/Users/sebastiansaueruser/Literatur/Wasserstein&Lazar_(2016)The ASA Statement on p-Values - Context, Process, and Purpose.pdf;/Users/sebastiansaueruser/Zotero/storage/IGPNT7IU/00031305.2016.html}
}


@book{mittag2020,
  title = {Statistik: Eine Einführung mit interaktiven Elementen},
  shorttitle = {Statistik},
  author = {Mittag, Hans-Joachim and Schüller, Katharina},
  date = {2020},
  publisher = {Springer Berlin Heidelberg},
  location = {Berlin, Heidelberg},
  doi = {10.1007/978-3-662-61912-4},
  isbn = {978-3-662-61911-7 978-3-662-61912-4},
  langid = {ngerman},
  file = {/Users/sebastiansaueruser/Literatur/Mittag&Schüller_(2020)Statistik - Eine Einführung mit interaktiven Elementen.pdf}
}




@book{popper2013,
  title = {Logik Der {{Forschung}}},
  author = {Popper, Karl},
  editor = {Keuth, Herbert},
  date = {2013},
  publisher = {Akademie Verlag},
  doi = {10.1524/9783050063782},
  isbn = {978-3-05-006378-2}
}


@article{tennant2020,
  title = {Use of Directed Acyclic Graphs ({{DAGs}}) to Identify Confounders in Applied Health Research: Review and Recommendations},
  shorttitle = {Use of Directed Acyclic Graphs ({{DAGs}}) to Identify Confounders in Applied Health Research},
  author = {Tennant, Peter W G and Murray, Eleanor J and Arnold, Kellyn F and Berrie, Laurie and Fox, Matthew P and Gadd, Sarah C and Harrison, Wendy J and Keeble, Claire and Ranker, Lynsie R and Textor, Johannes and Tomova, Georgia D and Gilthorpe, Mark S and Ellison, George T H},
  date = {2020-12-17},
  journaltitle = {International Journal of Epidemiology},
  shortjournal = {Int J Epidemiol},
  volume = {50},
  number = {2},
  eprint = {33330936},
  eprinttype = {pmid},
  pages = {620--632},
  issn = {0300-5771},
  doi = {10.1093/ije/dyaa213},
  pmcid = {PMC8128477},
  file = {/Users/sebastiansaueruser/Literatur/Tennant et al_(2020)Use of directed acyclic graphs (DAGs) to identify confounders in applied health research - review and recommendations.pdf}
}


@article{suttorp2015,
  title = {Graphical Presentation of Confounding in Directed Acyclic Graphs},
  author = {Suttorp, Marit M. and Siegerink, Bob and Jager, Kitty J. and Zoccali, Carmine and Dekker, Friedo W.},
  date = {2015-09-01},
  journaltitle = {Nephrology Dialysis Transplantation},
  shortjournal = {Nephrology Dialysis Transplantation},
  volume = {30},
  number = {9},
  pages = {1418--1423},
  issn = {0931-0509},
  doi = {10.1093/ndt/gfu325},
  file = {/Users/sebastiansaueruser/Literatur/Suttorp et al_(2015)Graphical presentation of confounding in directed acyclic graphs.pdf;/Users/sebastiansaueruser/Zotero/storage/YD9NY2Y8/2459917.html}
}



@article{vanderweele2013,
  title = {On the Definition of a Confounder},
  author = {VanderWeele, Tyler J. and Shpitser, Ilya},
  date = {2013-02},
  journaltitle = {Annals of statistics},
  shortjournal = {Ann Stat},
  volume = {41},
  number = {1},
  eprint = {25544784},
  eprinttype = {pmid},
  pages = {196--220},
  issn = {0090-5364},
  url = {https://www.ncbi.nlm.nih.gov/pmc/articles/PMC4276366/},
  urldate = {2023-11-15},
  pmcid = {PMC4276366},
  file = {/Users/sebastiansaueruser/Literatur/VanderWeele&Shpitser_(2013)On the definition of a confounder.pdf}
}


@online{arad2024,
  title = {Kylian Mbappe: Gehalt und Vermögen im Überblick (2024)},
  shorttitle = {Kylian Mbappe},
  author = {Arad, Carlos},
  date = {2024-06-05T09:34:02+00:00},
  url = {https://www.ftd.de/vermoegen/mbappe-gehalt-vermoegen/},
  urldate = {2024-11-20},
  langid = {ngerman},
  organization = {ftd.de},
  file = {/Users/sebastiansaueruser/Zotero/storage/GGIJFRKS/mbappe-gehalt-vermoegen.html}
}


@online{transfermarkt2024,
  title = {Die wertvollsten Fußball-Spieler},
  author = {Transfermarkt},
  date = {2024},
  url = {https://www.transfermarkt.de/spieler-statistik/wertvollstespieler/marktwertetop/spielerposition_id/8/page/12},
  urldate = {2024-11-20},
  langid = {ngerman},
  file = {/Users/sebastiansaueruser/Zotero/storage/UKSNAB9J/marktwertetop.html}
}



@article{shimizu2022,
  title = {Multiple {{Desirable Methods}} in {{Outlier Detection}} of {{Univariate Data With R Source Codes}}},
  author = {Shimizu, Yuho},
  date = {2022-01-17},
  journaltitle = {Frontiers in Psychology},
  shortjournal = {Front Psychol},
  volume = {12},
  eprint = {35111116},
  eprinttype = {pmid},
  pages = {819854},
  issn = {1664-1078},
  doi = {10.3389/fpsyg.2021.819854},
  pmcid = {PMC8801745},
  file = {/Users/sebastiansaueruser/Literatur/Shimizu_(2022)Multiple Desirable Methods in Outlier Detection of Univariate Data With R Source Codes.pdf}
}


